@book{alma991002986248905076,
title = {Computer graphics programming in OpenGL with C++ / V. Scott Gordon, Ph. D., California State University, Sacramento, John Clevenger, Ph. D., California State University, Sacramento.},
publisher = {Mercury Learning and Information},
author = {Gordon, V. Scott},
address = {Dulles, VA},
booktitle = {Computer graphics programming in OpenGL with C++},
isbn = {9781683922216},
year = {2019},
keywords = {OpenGL},
language = {eng},
lccn = {2018949985},
}

